@article{Nassif2019,
  title={Speech recognition using deep neural networks: A systematic review},
  author={Nassif, Ali Bou and Shahin, Ismail and Attili, Imtinan and Azzeh, Mohammad and Shaalan, Khaled},
  journal={IEEE Access},
  volume={7},
  pages={19143--19165},
  year={2019},
  publisher={IEEE}
}

@article{Andrade2018,
author = {Coimbra de Andrade, Douglas and Leo, Sabato and Loesener Da Silva Viana, Martin and Bernkopf, Christoph},
year = {2018},
month = {August},
  journal   = {Computing Research Repository CoRR},
 eid = {arXiv:1808.08929},
 archivePrefix = {arXiv},
 eprint = {1808.08929},
 primaryClass = {eess.AS},
title = {A neural attention model for speech command recognition}
}

@inproceedings{Wang2018,
author = {Wang, Dong and Lv, Shaohe and Wang, Xiaodong and Lin, Xinye},
year = {2018},
month = {June},
pages = {669-681},
title = {Gated Convolutional {LSTM} for Speech Commands Recognition},
booktitle = {{Proceedings of the International Conference of Computer Science}} 
}

@article{Zhang2017,
  author    = {Yundong Zhang and
               Naveen Suda and
               Liangzhen Lai and
               Vikas Chandra},
  title     = {Hello Edge: Keyword Spotting on Microcontrollers},
  journal   = {Computing Research Repository CoRR},
  volume    = {abs/1711.07128},
  year      = {2017},
  month    = {November},
  eid = {arXiv:1711.07128},
  archivePrefix = {arXiv},
  eprint = {1711.07128},
  primaryClass = {cs.SD},
}

@inproceedings{Tara2015,
  author    = {Tara N. Sainath and
               Carolina Parada},
  title     = {Convolutional neural networks for small-footprint keyword spotting},
  booktitle = {{Proceedings of the annual conference of the International Speech Communication Association, INTERSPEECH}},
  pages     = {1478--1482},
  publisher = {{ISCA}},
  month = {September},
  year      = {2015}
}

@article{McMahan2018,
  author    = {Brian McMahan and
               Delip Rao},
  title     = {Listening to the World Improves Speech Command Recognition},
  journal   = {Computing Research Repository CoRR},
volume    = {abs/1710.08377},
year      = {2017},
eid = {arXiv:1710.08377},
archivePrefix = {arXiv},
eprint = {1710.08377},
  month={October}
}

@inproceedings{FChollet2017, 
author={F. Chollet}, 
booktitle={Proceedings of the IEEE Conference on Computer Vision and Pattern Recognition (CVPR)}, 
title={Xception: Deep Learning with Depthwise Separable Convolutions}, 
year={2017}, 
volume={}, 
number={}, 
pages={1800-1807}, 
doi={10.1109/CVPR.2017.195}, 
ISSN={1063-6919}, 
month={July},
year={2017}}

@article{speechcommands, 
title={Speech Commands: A public dataset for single-word speech recognition.}, 
author={Warden, Pete}, 
journal={Datasets available from \url{http://download.tensorflow.org/data/speech_commands_v0.01.tar.gz} and \url{http://download.tensorflow.org/data/speech_commands_v0.02.tar.gz}}, 
month={August},
year={2017}}

@article{Warden2018,
	author    = {Pete Warden},
	title     = {Speech Commands: {A} Dataset for Limited-Vocabulary Speech Recognition},
	volume    = {abs/1804.03209},
	year      = {2018},
	month     = {April},
	  journal   = {Computing Research Repository CoRR},
	volume    = {abs/1804.03209},
	year      = {2019},
	eid = {arXiv:1804.03209},
	archivePrefix = {arXiv},
	eprint = {1804.03209},
}

@article{Howard2017,
	title={MobileNets: Efficient Convolutional Neural Networks for Mobile Vision Applications.},
	author={Andrew G. Howard and Menglong Zhu and Bo Chen and Dmitry Kalenichenko and Weijun Wang and Tobias Weyand and Marco Andreetto and Hartwig Adam},
  journal   = {Computing Research Repository CoRR},
	volume={abs/1704.04861},
year      = {2017},
month    = {April},
eid = {arXiv:1704.04861},
archivePrefix = {arXiv},
eprint = {1704.04861},

}

@book{Goodfellow2016,
	title={Deep Learning},
	author={Ian Goodfellow and Yoshua Bengio and Aaron Courville},
	publisher={MIT Press},
	note={\url{http://www.deeplearningbook.org}},
	year={2016},
	doi={10.1007/s10710-017-9314-z}
}

@inproceedings{Kingma14,
	author = {Kingma, Diederik P. and Ba, Jimmy},
	booktitle = {3rd International Conference of Learning Representations (ICLR)},
	title = {Adam: A Method for Stochastic Optimization.},
	month = {December},
	year = {2014}
}

@book{Haykin1998,
	author = {Haykin, Simon},
	title = {Neural Networks: A Comprehensive Foundation},
	isbn = {0132733501},
	edition = {2nd},
	publisher = {Prentice Hall PTR},
	address = {Upper Saddle River, NJ, USA (1998)},
} 


@inproceedings{Krogh1991,
	author = {Krogh, Anders and Hertz, John A.},
	title = {A Simple Weight Decay Can Improve Generalization},
	booktitle = {Proceedings of the 4th International Conference on Neural Information Processing Systems},
	series = {NIPS'91},
	year = {1991},
	isbn = {1-55860-222-4},
	location = {Denver, Colorado},
	pages = {950--957},
	numpages = {8},
	acmid = {2987033},
	publisher = {Morgan Kaufmann Publishers Inc.},
	address = {San Francisco, CA, USA},
} 

@article{Srivastava2014,
	author = {Srivastava, Nitish and Hinton, Geoffrey and Krizhevsky, Alex and Sutskever, Ilya and Salakhutdinov, Ruslan},
	title = {Dropout: A Simple Way to Prevent Neural Networks from Overfitting},
	journal = {Journal of machine learning research},
	issue_date = {January 2014},
	volume = {15},
	number = {1},
	month = {January},
	year = {2014},
	issn = {1532-4435},
	pages = {1929--1958},
	numpages = {30},
	publisher = {JMLR.org},
	keywords = {deep learning, model combination, neural networks, regularization},
} 

@article{Zheng2018,
	author    = {Zheng Xu and
	Xitong Yang and
	Xue Li and
	Xiaoshuai Sun},
	title     = {The Effectiveness of Instance Normalization: a Strong Baseline for
	Single Image Dehazing},
	  journal   = {Computing Research Repository CoRR},
	volume={abs/1805.03305},
	year      = {2018},
	month = {May},
	eid = {arXiv:1805.03305},
	archivePrefix = {arXiv},
	eprint = {1805.03305},
}

@article{Ulyanov2016,
	author    = {Dmitry Ulyanov and
	Andrea Vedaldi and
	Victor S. Lempitsky},
	title     = {Instance Normalization: The Missing Ingredient for Fast Stylization},
  journal   = {Computing Research Repository CoRR},
volume={abs/1607.08022},
year      = {2016},
month     = {July},
eid = {arXiv:1607.08022},
archivePrefix = {arXiv},
eprint = {1607.08022},
}

@article{Ba2016,
	title={Layer Normalization},
	author={Jimmy Ba and Ryan Kiros and Geoffrey E. Hinton},
	year={2016},
	month = {July},

	journal   = {Computing Research Repository CoRR},
	volume={abs/1607.06450},

	eid = {arXiv:1607.06450},
	archivePrefix = {arXiv},
	eprint = {1607.06450},
}


@inproceedings{Ioffe2015,
	author = {Ioffe, Sergey and Szegedy, Christian},
	title = {Batch Normalization: Accelerating Deep Network Training by Reducing Internal Covariate Shift},
	booktitle = {32nd  International Conference on Machine Learning - Volume 37},
	series = {International Conference of Machine Learning},
	year = {2015},
	month = {February},
	location = {Lille, France},
	pages = {448-456},
	numpages = {9},
	publisher = {JMLR.org},
} 

@inproceedings{Mcmahan2017,
	author    = {Brian McMahan and
	Delip Rao},
	title     = {Listening to the World Improves Speech Command Recognition},
	journal   = {The thirty-second AAAI Conference on Artificial Intelligence},
	year      = {2017},
	month     = {October}
}








@article{Arriaga2017,
	author    = {Octavio Arriaga and
	Matias Valdenegro{-}Toro and
	Paul Pl{\"{o}}ger},
	title     = {Real-time Convolutional Neural Networks for Emotion and Gender Classification},

	month     = {October},
	year      = {2017},
		
	journal   = {Computing Research Repository CoRR},
	volume={abs/1710.07557},
	eid = {arXiv:1710.07557},
	archivePrefix = {arXiv},
	eprint = {1710.07557},
}

@ARTICLE{Song2018, 
	author={L. {Song} and J. {Liu} and B. {Qian} and M. {Sun} and K. {Yang} and M. {Sun} and S. {Abbas}}, 
	journal={IEEE Transactions on Image Processing}, 
	title={A Deep Multi-Modal {CNN} for Multi-Instance Multi-Label Image Classification}, 
	year={2018}, 
	volume={27}, 
	number={12}, 
	pages={6025-6038}, 
	keywords={Image classification;Feature extraction;Convolutional neural networks;CNN;multi-label image classification;MIML;label correlations;context information}, 
	doi={10.1109/TIP.2018.2864920}, 
	ISSN={1057-7149}, 
	month={December},}

@article{Nazar2018,
	title={Are pre-trained {CNNs} good feature extractors for anomaly detection in surveillance videos?},
	author={Tiago S. Nazar{\'e} and Rodrigo Fernandes de Mello and Moacir Antonelli Ponti},
	year={2018},
	month = {November},
	volume={abs/1811.08495},
	journal   = {Computing Research Repository CoRR},
	volume={abs/1811.08495},
	eid = {arXiv:1811.08495},
	archivePrefix = {arXiv},
	eprint = {1811.08495},
}

@article{Liu2019,
	author    = {Chenxi Liu and
	Liang{-}Chieh Chen and
	Florian Schroff and
	Hartwig Adam and
	Wei Hua and
	Alan L. Yuille and
	Li Fei{-}Fei},
	title     = {Auto-DeepLab: Hierarchical Neural Architecture Search for Semantic
	Image Segmentation},

	month     = {January},
	year      = {2019},
	
	journal   = {Computing Research Repository CoRR},
	volume={abs/1901.02985},
	eid = {arXiv:1901.02985},
	archivePrefix = {arXiv},
	eprint = {1901.02985},
}

@inproceedings{milabot2017,
	author = {Serban, Iulian and Sankar, Chinnadhurai and Germain, Mathieu and Zhang, Saizheng and Lin, Zhouhan and Subramanian, Sandeep and Kim, Taesup and Pieper, Michael and Chandar, Sarath and Rosemary Ke, Nan and Mudumba, Sai and de Brebisson, Alexandre and M. R. Sotelo, Jose and Suhubdy, Dendi and Michalski, Vincent and Nguyen, Alexandre and Pineau, Joelle and Bengio, Y},
	year = {2017},
	month = {September},
	booktitle = {Proceedings of the Neural Information Processing Systems Conference},
	title = {A Deep Reinforcement Learning Chatbot}
}



@inproceedings{Han2017,
	author = {Han, Song and Kang, Junlong and Mao, Huizi and Hu, Yiming and Li, Xin and Li, Yubin and Xie, Dongliang and Luo, Hong and Yao, Song and Wang, Yu and Yang, Huazhong and Dally, William (Bill) J.},
	title = {{ESE}: Efficient Speech Recognition Engine with Sparse {LSTM} on {FPGA}},
	booktitle = {Proceedings of the 2017 {ACM/SIGDA} International Symposium on Field-Programmable Gate Arrays},
	series = {FPGA},
	year = {2017},
	isbn = {978-1-4503-4354-1},
	location = {Monterey, California, USA},
	pages = {75--84},
	numpages = {10},
	doi = {10.1145/3020078.3021745},
	acmid = {3021745},
	address = {New York, NY, USA},
	keywords = {FPGA, deep learning, hardware acceleration, model compression, software-hardware co-design, speech recognition},
} 

@inproceedings{Li2017,
	author    = {Jiwei Li and
	Will Monroe and
	Tianlin Shi and
	Alan Ritter and
	Dan Jurafsky},
	title     = {Adversarial Learning for Neural Dialogue Generation},
	booktitle   = {Proceedings of the conference on Empirical Methods in Natural Language Processing},
	month    = {September},
	pages    = {2157–2169},
	year      = {2017}
}


@book{Proakis2007,
	author = {Proakis, John G. and Manolakis, Dimitris G.},
	title = {Digital Signal Processing (4rd Ed.): Principles, Algorithms, and Applications},
	isbn = {978-8131710005},
	edition = {4},
	publisher = {Prentice-Hall, Inc.},
	address = {Upper Saddle River, NJ, USA (2007)},
} 

@inproceedings{Szymon2016,
	author = {Buś, Szymon and Jedrzejewski, Konrad},
	year = {2016},
	month = {September},
	pages = {1003157-1 },
	title = {Digital signal processing techniques for pitch shifting and time scaling of audio signals},
	volume = {10031},
	booktitle = {Proceedings of SPIE - The International Society for Optical Engineering},
	doi = {10.1117/12.2249374}
}


@article{Yunhui2019,
	author = {{Guo}, Yunhui and {Li}, Yandong and {Feris}, Rogerio and
	{Wang}, Liqiang and {Rosing}, Tajana},
	title = "{Depthwise Convolution is All You Need for Learning Multiple Visual Domains}",
	journal = {Association for the Advancement of Artificial
	Intelligence},
	keywords = {Computer Science - Computer Vision and Pattern Recognition},
	year = {2019},
	month = {February}
}


@inproceedings{Gao2018,
	author    = {Hongyang Gao and
	Zhengyang Wang and
	Shuiwang Ji},
	title     = {ChannelNets: Compact and Efficient Convolutional Neural Networks via
	Channel-Wise Convolutions},
	year = {2018},
	month = {September},
	booktitle   = {Proceedings of Neural Information Processing Systems},
}

@inproceedings{Michaely2017,
  title={Keyword spotting for Google assistant using contextual speech recognition},
  author={Michaely, Assaf Hurwitz and Zhang, Xuedong and Simko, Gabor and Parada, Carolina and Aleksic, Petar},
  booktitle={2017 IEEE Automatic Speech Recognition and Understanding Workshop (ASRU)},
  pages={272--278},
  year={2017},
  organization={IEEE}
}

@article{Jaderberg2016,
  title={Reinforcement learning with unsupervised auxiliary tasks},
  author={Jaderberg, Max and Mnih, Volodymyr and Czarnecki, Wojciech Marian and Schaul, Tom and Leibo, Joel Z and Silver, David and Kavukcuoglu, Koray},
  journal={arXiv preprint arXiv:1611.05397},
  year={2016}
}